%% This BibTeX bibliography file was created using BibDesk.
%% http://bibdesk.sourceforge.net/


%% Created for Michael Braun at 2013-12-13 12:38:03 -0600 


%% Saved with string encoding Unicode (UTF-8) 



@unpublished{BraunDamien2015,
	Author = {Michael Braun and Paul Damien},
	Month = {Nov},
	Title = {Scalable Rejection Sampling for Bayesian Hierarchical Models},
	Journaltitle = {Marketing Science},
	Issue = {Articles in Advance},
	Year = {2015}
}
@manual{R_Matrix,
	Author = {Douglas Bates and Martin Maechler},
	Date-Modified = {2013-11-06 00:11:23 +0000},
	Note = {R package version 1.1-0},
	Title = {Matrix: Sparse and Dense Matrix Classes and Methods},
	Year = {2013},
	Bdsk-Url-1 = {http://CRAN.R-project.org/package=Matrix}}

@article{R_plyr,
	Author = {Hadley Wickham},
	Date-Modified = {2013-11-06 00:11:23 +0000},
	Journal = {Journal of Statistical Software},
	Number = {1},
	Pages = {1--29},
	Title = {The Split-Apply-Combine Strategy for Data Analysis},
	Volume = {40},
	Year = {2011},
	Bdsk-Url-1 = {http://www.jstatsoft.org/v40/i01/}}

@manual{R_sparseHessianFD,
	Author = {Michael Braun},
	Date-Modified = {2013-11-20 16:32:32 +0000},
	Note = {R package version 0.1.1},
	Title = {{s}parse{H}essian{FD}: an {R} package for estimating sparse Hessians},
	Url = {cran.r-project.org/web/packages/sparseHessianFD},
	Year = {2013},
	Bdsk-Url-1 = {http://CRAN.R-project.org/package=sparseHessianFD}}

@manual{R_sparseMVN,
	Author = {Michael Braun},
	Date-Modified = {2013-11-20 16:32:06 +0000},
	Note = {R package version 0.1.0},
	Title = {{s}parse{MVN}: an {R} package for MVN sampling with sparse covariance and precision matrices.},
	Url = {cran.r-project.org/web/packages/sparseMVN},
	Year = {2013},
	Bdsk-Url-1 = {http://CRAN.R-project.org/package=sparseMVN}}

@manual{R_trustOptim,
	Author = {Michael Braun},
	Date-Modified = {2013-11-20 16:32:20 +0000},
	Note = {R package version 0.8.2},
	Title = {{t}rust{O}ptim: an {R} package from optimization using trust regions},
	Url = {cran.r-project.org/web/packages/trustOptim},
	Year = {2013},
	Bdsk-Url-1 = {http://CRAN.R-project.org/package=trustOptim}}
